
@manual{	Josuttis,
  author	= {{Nicolai M. Josuttis}},
  title		= {The C++ Standard Library},
  publisher	= {Addison Wesley},
  year		= {1999}
}

@Book{		  Hecht.Danalia.ea:2003,
  author	= {F[r\'ed\'eric] Hecht and I[onut] Danalia and O[livier]
		  Pironneau},
  title		= {Simulation num\'erique en C++},
  publisher	= {Dunod},
  collection	= {Sciences Sup},
  year		= {2003}
}

@Book{		  Incropera.DeWitt:1996,
  author	= {F[rank] Incropera and D[avid] DeWitt},
  title		= {{I}ntroduction to {H}eat {T}ransfer},
  publisher	= {John Wiley \& Sons},
  year		= {1996},
  address	= {New York}
}

@Book{		  Linz:1979,
  author	= {P[eter] Linz},
  title		= {{T}heoretical {N}umerical {A}nalysis},
  publisher	= {John Wiley \& Sons},
  year		= {1979},
  address	= {New York},
  note		= {Republished by Dover Publications in 2001}
}

@Book{		  Quarteroni.Valli:1994,
  author	= {A[lfio] Quarteroni and A[lberto] Valli},
  title		= {{N}umerical {A}pproximation of {P}artial {D}ifferential
		  {E}quations},
  publisher	= {Springer-Verlag},
  year		= {1994},
  number	= {23},
  series	= {Springer Series in Computational Mathematics},
  address	= {Berlin}
}

@Book{		  Ern.Guermond:2004,
  author	= {A. Ern and J. L. Guermond},
  title		= {{T}heory and {P}ractice of {F}inite {E}lements},
  publisher	= {Springer-Verlag},
  year		= {2004},
  number	= {159},
  series	= {Springer Series in Computational Mathematics},
  address	= {Berlin}
}

@Book{		  Girault.Raviart:1986,
  author	= {V. Girault and P. A. Raviart},
  title		= {{F}inite {E}lement {M}ethods for {N}avier-{S}tokes
		  {E}quations},
  publisher	= {Springer-Verlag},
  year		= {1986},
  number	= {5},
  series	= {Springer Series in Computational Mathematics},
  address	= {Berlin}
}

@Book{		  Batchelor:1967,
  author	= {G. K. Batchelor},
  title		= {{A}n {I}ntroduction to {F}luid {D}ynamics},
  publisher	= {Cambridge University Press},
  year		= {1967},
  address	= {Cambridge}
}

@Book{		  Chorin.Marsden:1979,
  author	= {A. J. Chorin and J. E. Marsden},
  title		= {A {M}athematical {I}ntroduction to {F}luid {M}echanics},
  publisher	= {Springer-Verlag},
  year		= {1979},
  address	= {New York}
}

@Book{		  Landau.Lifshitz:1959,
  author	= {L. D. Landau and E. M. Lifshitz},
  title		= {{F}luid {M}echanics},
  publisher	= {Pergamon Press},
  year		= {1959},
  address	= {Oxford}
}

@InBook{	  Brezzi.Pitkaranta:1984,
  author	= {F[ranco] Brezzi and J. Pitk\"aranta},
  title		= {On the stabilization of finite element approximations of
		  the Stokes equations},
  booktitle	= {{E}fficient {S}olutions of {E}lliptic {S}ystems},
  publisher	= {W. Hackbusch ed., Fried. Vieweg \& Sons},
  address	= {Braunschweig},
  pages		= {11--19},
  year		= {1984}
}

@Article{	  Burman.Fernandez:2005,
  author	= {E[rik] Burman and M[iguel] A[ngel] Fern\'andez},
  title		= "{A finite element method with edge oriented stabilization
		  for the time-dependent Navier-Stokes equations: Space
		  discretization and convergence}",
  journal	= {Num. Math.},
  year		= {2005},
  note		= "{Submitted}"
}

@Article{	  Bassi.Crivellini.ea:2005,
  author	= {F[rancesco] Bassi and A[ndrea] Crivellini and D[aniele]
		  A[ntonio] {Di Pietro} and S[tefano] Rebay},
  title		= "{An artificial compressibility flux for the discontinuous
		  {G}alerkin approximation of the incompressible
		  Navier-Stokes equations}",
  journal	= {J. Comp. Phys.},
  year		= {2005},
  note		= "{Submitted}"
}

@Article{	  Brezzi:1974,
  author	= {F[ranco] Brezzi},
  title		= "{On the existence, uniqueness and approximation of
		  saddle-point problems arising from Lagrange multipliers}",
  journal	= "{R.A.I.R.O. Anal. Num\'er.}",
  year		= {1974},
  number	= {8},
  pages		= {129--151}
}

@Article{	  Babuska:1973,
  author	= {I. Babu\v{s}ka},
  key		= {Pippo},
  title		= "{The finite element method with Lagrangian multipliers}",
  journal	= {Numer. Math.},
  number	= {20},
  year		= {1973},
  pages		= {179--192}
}

@Article{	  Baiocchi.Brezzi.ea:1993,
  author	= {C. Baiocchi and F[ranco] Brezzi and L. P. Franca},
  title		= "{Virtual bubbles and {G}alerkin-least-square type methods
		  (Ga.L.S.)}",
  journal	= {Comput. Meth. Appl. Mech. Engrg.},
  number	= {105},
  year		= {1993},
  pages		= {125--141}
}

@Article{	  Pierre:1988,
  author	= {R. Pierre},
  title		= "{Simple $C^0$ approximations for the computations of
		  incompressible flows}",
  journal	= {Comput. Meth. Appl. Mech. Engrg.},
  number	= {68},
  year		= {1988},
  pages		= {205--227}
}

@Article{	  Bank.Welfert:1990,
  author	= {R. E. Bank and B. D. Welfert},
  title		= "{A comparison between the mini-element and the
		  Petrov-{G}alerkin formulations for the generalized Stokes
		  problem}",
  journal	= {Comput. Meth. Appl. Mech. Engrg.},
  number	= {83},
  year		= {1990},
  pages		= {61--68}
}

@Article{	  Brezzi.Douglas:1988,
  author	= {F[ranco] Brezzi and J. Douglas},
  title		= "{Stabilized mixed methods for the Stokes problem}",
  journal	= {Numer. Math.},
  number	= {53},
  year		= {1988},
  pages		= {225--235}
}

@Article{	  Hughes.Franca.ea:1986,
  author	= {T. J. R. Hughes and L. P. Franca and M. Balestra},
  title		= "{A new finite element formulation for computational fluid
		  dynamics: V. Circumventing the Babu\v ska-Brezzi condition:
		  a stable Petrov-{G}alerkin formulation of the Stokes
		  problem accomodating equal-order interpolations}",
  journal	= {Comput. Meth. Appl. Mech. Engrg},
  number	= {59},
  year		= {1986},
  pages		= {85--99}
}

@Article{	  Hughes.Franca:1987,
  author	= {T. J. R. Hughes and L. P. Franca},
  title		= "{A new finite element formulatio for computational fluid
		  dynamics: VII. The Stokes problem with various well-posed
		  boundary conditions: symmetric formulations that converge
		  for all velocity/pressure spaces}",
  journal	= {Comput. Meth. Appl. Mech. Engrg},
  number	= {65},
  year		= {1987},
  pages		= {85--96}
}

@Article{	  Douglas.Wang:1989,
  author	= {J. Douglas and J. Wang},
  title		= "{An absolutely stabilized finite element method for the
		  Stokes problem}",
  year		= {1989},
  journal	= {Math. Comput.},
  number	= {52},
  pages		= {39--52}
}

@Article{	  Burman.Fernandez.ea:2005,
  author	= {E[rik] Burman and M. A. Fern\'andez and P. Hansbo},
  title		= "{Edge stabilization for the incompressible Navier-Stokes
		  equations: a continuous interior penalty finite element
		  method}",
  year		= {2005},
  note		= "{Submitted}"
}

@Article{	  Cockburn.Kanschat.ea:2005,
  author	= {B[ernardo] Cockburn and G. Kanschat and D. Sch\"otzau},
  title		= "{The local discontinuous {G}alerkin method for linearized
		  incompressible fluid flow: a review}",
  journal	= {Computers \& Fluids},
  volume	= {34},
  pages		= {491--506},
  year		= {2005}
}

@Article{	  Arnold.Brezzi.ea:2001,
  author	= {D. N. Arnold and F[ranco] Brezzi and B[ernardo] Cockburn
		  and D. Marini},
  title		= "{Unified analysis of discontinuous {G}alerkin methods for
		  elliptic problems}",
  journal	= {SIAM J. Numer. Anal.},
  volume	= {39},
  number	= {5},
  pages		= {1749--1779},
  year		= {2001}
}

@Article{	  Bassi.Rebay:1997,
  author	= {F[rancesco] Bassi and S[tefano] Rebay},
  title		= "{A High-Order Accurate Discontinuous Finite Element Method
		  for the Numerical Solution of the Compressible
		  {N}avier-{S}tokes Equations}",
  journal	= "J. Comput. Phys.",
  year		= "1997",
  volume	= "131",
  pages		= "267--279"
}

@InProceedings{	  Bassi.Rebay:1995,
  author	= {F[rancesco] Bassi and S[tefano] Rebay},
  title		= "{Discontinuous finite element high order accurate
		  numerical solution of the compressible Navier-Stokes
		  equations}",
  booktitle	= {Proceedings of the conference Numerical methods for fluid
		  dynamics V, April 3--6 1995},
  year		= {1995},
  publisher	= {ed. Oxford, Clarendon Press}
}

@InProceedings{	  Bassi.Rebay.ea:1997,
  author	= {F[rancesco] Bassi and S[tefano] Rebay and G. Mariotti and
		  S. Pedinotti and M. Savini},
  title		= "{A high-order accurate discontinuous finite element method
		  for inviscid and viscous turbomachinery flows}",
  booktitle	= {Proceedings of the 2nd European Conference on
		  Turbomachinery Fluid Dynamics and Thermodynamics},
  editor	= {Decuypere, R. and Dibelius, G.},
  year		= {1997},
  pages		= {99--108},
  month		= {March 5--7},
  address	= {Antwerpen, Belgium},
  organization	= {Technologisch Instituut}
}

@InProceedings{	  Bassi.Rebay:2000,
  author	= {F[rancesco] Bassi and S[tefano] Rebay},
  title		= "{GMRES} Discontinuous {G}alerkin Solution of the
		  Compressible {N}avier-{S}tokes Equations",
  booktitle	= "Discontinuous {G}alerkin Methods. Theory, Computation and
		  Applications",
  year		= "2000",
  editor	= "B[ernardo] Cockburn and G.E. Karniadakis and C.-W. Shu",
  series	= "Lecture Notes in Computational Science and Engeneering",
  volume	= "11",
  pages		= {197--208},
  publisher	= "Springer-Verlag",
  note		= "{\sl First International Symposium on Discontinuous
		  {G}alerkin Methods,\/} May 24--26, 1999, Newport, RI, USA"
}

@Article{	  Cockburn.Kanschat.ea:2004,
  author	= {B[ernardo] Cockburn and G. Kanschat and D. Sch\"otzau},
  title		= "{A locally conservative LDG method for the incompressible
		  Navier-Stokes equations}",
  journal	= {Math. Comp.~},
  year		= {2004},
  note		= {Article electronically published on October 5, 2004}
}

@Article{	  Kovasznay:1948,
  author	= {L. S. G. Kovasznay},
  title		= "{Laminar flow behind a two-dimensional grid}",
  journal	= {Proc. Camb. Philos. Soc.},
  volume	= {44},
  pages		= {58--62},
  year		= {1948}
}

@Article{	  Liu.Shu:2000,
  author	= {J.-G. Liu and C.-W. Shu},
  title		= "{A high-order discontinuous {G}alerkin method for 2D
		  incompressible flows}",
  journal	= {J. Comput. Phys.},
  volume	= {160},
  pages		= {577--596},
  year		= {2000}
}

@Article{	  Ghia.Ghia.ea:1982,
  author	= {U. Ghia and K. N. Ghia and C. T. Shin},
  title		= "{High-Re solutions for incompressible flow using the
		  Navier-Stokes equations and a multigrid method}",
  journal	= {J. Comp. Phys.},
  volume	= {48},
  pages		= {387-411},
  year		= {1982}
}

@Article{	  Botella.Peyret:1998,
  author	= {O. Botella and R. Peyret},
  title		= "{Benchmark spectral results on the lid-driven cavity
		  flow}",
  journal	= {Computers \& Fluids},
  volume	= {27},
  number	= {4},
  pages		= {421--433},
  year		= {1998}
}

@Article{	  Erturk.Corke.ea:2005,
  author	= {E. Erturk and T. C. Corke and C. Gokcol},
  key		= {Erturk, Corke \etal, 2005},
  title		= "{Numerical solutions of 2-D steady incompressible driven
		  cavity flow at high Reynolds numbers}",
  journal	= {Int. J. Numer. Meth. Fluids},
  volume	= {48},
  pages		= {747--774},
  year		= {2005}
}

@Article{	  Castillo.Cockburn.ea:2000,
  author	= {P. Castillo and B[ernardo] Cockburn and I. Perugia and D.
		  Sch\"otzau},
  title		= "{An a priori error analysis of the local discontinuous
		  {G}alerkin method for elliptic problems}",
  journal	= {SIAM J. Numer. Anal.},
  volume	= {38},
  pages		= {1676--1706},
  year		= {2000}
}

@Article{	  Cockburn.Kanschat.ea:2002,
  author	= {B[ernardo] Cockburn and G. Kanschat and D. Sch\"otzau and
		  C. Schwab},
  title		= "{Local discontinuous {G}alerkin methods for the Stokes
		  system}",
  journal	= {SIAM J. Numer. Anal.},
  volume	= {40},
  number	= {1},
  pages		= {319--343},
  year		= {2002}
}

@Article{	  Cockburn.Kanschat.ea:2003,
  author	= {B[ernardo] Cockburn and G. Kanschat and D. Sch\"otzau},
  title		= "{The local discontinuous {G}alerkin method for the Oseen
		  equations}",
  journal	= {Math. Comp.},
  volume	= {73},
  number	= {246},
  pages		= {569--593},
  year		= {2003}
}

@TechReport{	  Elsworth.Toro:1992,
  author	= {D. T. Elsworth and E. F. Toro},
  title		= "{Riemann solvers for solving the incompressible
		  Navier-Stokes equations using the artificial
		  compressibility method}",
  institution	= "Cranfield Institute of Technology, England",
  year		= "1992",
  type		= "College of Aeronautics Report",
  number	= "9208",
  month		= "June"
}

@Article{	  Nietsche:1971,
  author	= {J. Nietsche},
  title		= {{\"U}ber ein {V}ariationsprinzip zur {L}\"osung von
		  {D}irichlet-{P}roblemen bei {V}erwendung von
		  {T}eilr\"aumen, die keinen {R}andbedingungen unterworfen
		  sind},
  journal	= {Abh. Math. Sem. Univ. Hamburg},
  volume	= {36},
  year		= {1971}
}

@Article{	  Burman:2004,
  author	= {E[rik] Burman},
  title		= "{A unified anlysis for conforming and nonconforming
		  stabilized finite element methods using interior penalty}",
  year		= "{2004}",
  journal	= "{CHECK}"
}

@TechReport{	  Reed.Hill:1973,
  author	= {W. H. Reed and T. R. Hill},
  title		= "{Triangular mesh methods for the neutron transport
		  equation}",
  institution	= "{Los Alamos Scientific Laboratory}",
  year		= {1973},
  number	= "{LA-UR-73-479}"
}

@Article{	  Cockburn.Shu:2001,
  author	= {B[ernardo] Cockburn and C[hi]-W[ang] Shu},
  title		= "{{R}unge-{K}utta discontinuous {G}alerkin methods for
		  convection-dominated problems}",
  journal	= "{J. Sci. Comp.}",
  year		= {2001}
}

@Misc{		  Balay.Buschelman.ea:2001,
  author	= {S[atish] Balay and K[ris] Buschelman and W[illiam] D.
		  Gropp and D[inesh] Kaushik and M[atthew] G. Knepley and
		  L[ois] Curfman McInnes and B[arry] F. Smith and H[ong]
		  Zhang},
  title		= "{PETSc} {W}eb page",
  note		= "http://www.mcs.anl.gov/petsc",
  year		= "2001"
}

@Article{	  Cockburn.Hou.ea:1990,
  author	= {B[ernardo] Cockburn and S. Hou and C[hi]-W[ang] Shu},
  title		= {Tvb {R}unge-{K}utta local projection discontinuous
		  {G}alerkin finite element method for conservation laws iv:
		  The multidimensional case},
  journal	= {Math. Comp.},
  number	= {54},
  pages		= {545--581},
  year		= {1990}
}

@Article{	  Cockburn.Lin.ea:1989,
  author	= {B[ernardo] Cockburn and S.Y. Lin and C[hi]-W[ang] Shu},
  title		= {Tvb {R}unge-{K}utta local projection discontinuous
		  {G}alerkin finite element method for scalar conservation
		  laws iii: One dimensional systems},
  journal	= {J. Comput. Phys.},
  number	= {84},
  pages		= {90--113},
  year		= {1989}
}

@Article{	  Cockburn.Shu:1989,
  author	= {B[ernardo] Cockburn and C[hi]-W[ang] Shu},
  title		= {Tvb {R}unge-{K}utta local projection discontinuous
		  {G}alerkin finite element method for scalar conservation
		  laws ii: General framework},
  journal	= {Math. Comp.},
  number	= {52},
  pages		= {411--435},
  year		= {1989}
}

@Article{	  Cockburn.Shu:1991,
  author	= {B[ernardo] Cockburn and C[hi]-W[ang] Shu},
  title		= {The {R}unge-{K}utta local projection $p^1$-discontinuous
		  {G}alerkin method for scalar conservation laws},
  journal	= {M2 AN},
  volume	= {25},
  pages		= {337--361},
  year		= {1991}
}

@Article{	  Cockburn.Shu:1998,
  author	= {B[ernardo] Cockburn and C[hi]-W[ang] Shu},
  title		= {The {R}unge-{K}utta discontinuous {G}alerkin finite
		  element method for conservation laws {V}: Multidimensional
		  systems},
  journal	= {J. Comput. Phys.},
  year		= {1998},
  volume	= {141},
  pages		= {199--224}
}

@Article{	  Cockburn.Shu:1998*1,
  author	= {B[ernardo] Cockburn and C[hi]-W[ang] Shu},
  title		= {The local discontinuous {G}alerkin finite element method
		  for convection-diffusion systems},
  journal	= {SIAM J. Numer. Anal.},
  year		= {1998},
  volume	= {35},
  pages		= {2440--2463}
}

@TechReport{	  Balay.Buschelman.ea:2004,
  author	= {S[atish] Balay and K[ris] Buschelman and V[ictor] Eijkhout
		  and W[illiam] D. Gropp and D[inesh] Kaushik and M[atthew]
		  G. Knepley and L[ois] Curfman McInnes and B[arry] F. Smith
		  and H[ong] Zhang},
  title		= "{PETS}c Users Manual",
  number	= "ANL-95/11 - Revision 2.1.5",
  institution	= "Argonne National Laboratory",
  year		= "2004"
}

@TechReport{	  Boman:2000,
  author	= {M[ats] Boman},
  title		= {A posteriori error analysis in the maximum norm for a
		  penalty finite element method for the time-dipendent
		  obstacle problem},
  number	= {2000-12},
  institution	= {Chalmers Finite Element Center},
  year		= 2000
}

@Article{	  Crouzeix.Thomee:1987,
  author	= {M. Crouzeix and V. Thom\'ee},
  title		= {The stability in the {$L_p$} and {$W^1_p$} of the
		  {$L_2$}-projection onto finite element function spaces},
  journal	= {Math. Comp.},
  volume	= {48},
  number	= {178},
  pages		= {521--532},
  year		= {1987}
}

@Article{	  Bramble.Pasciak.ea:2002,
  author	= {J.H. Bramble and J.E. Pasciak and O. Steinbach},
  title		= {On the stability of the {$L^2$} projection in
		  {$H^1\left(\Omega\right)$}},
  journal	= {Math. Comp.},
  volume	= {71},
  number	= {237},
  pages		= {147--156},
  year		= {2002},
  note		= {Electronically published}
}

@InProceedings{	  Balay.Eijkhout.ea:1997,
  author	= {S[atish] Balay and V[ictor] Eijkhout and W[illiam] D.
		  Gropp and L[ois] Curfman McInnes and B[arry] F. Smith},
  title		= "Efficient Management of Parallelism in Object Oriented
		  Numerical Software Libraries",
  booktitle	= "Modern Software Tools in Scientific Computing",
  editor	= "E. Arge and A. M. Bruaset and H. P. Langtangen",
  pages		= "163--202",
  publisher	= "Birkh{\"{a}}user Press",
  year		= "1997"
}

@Misc{		  Cockburn:1998,
  author	= {B[ernardo] Cockburn},
  title		= {An Introduction to the Discontinuous {G}alerkin Method for
		  Convection-Dominated Problems},
  institution	= {School of Mathematics, University of Minnesota},
  year		= {1998},
  note		= {LOOK FOR WEB LINK}
}

@Article{	  Suli.Houston:2002,
  author	= {E[ndre] S{\"u}li and P[aul] Houston},
  title		= {Adaptive finite element approximation of hyperbolic
		  problems},
  year		= {2002},
  note		= {CHECK}
}

@Article{	  Quarteroni.Saleri.ea:2000,
  author	= {A[lfio] Quarteroni and F[austo] Saleri and A[lessandro]
		  Veneziani},
  title		= "{Factorization methods for the numerical approximation of
		  Navier-Stokes equations}",
  journal	= {Comput. Methods Appl. Mech. Engrg.},
  year		= {2000},
  volume	= {188},
  number	= {1-3},
  pages		= {505--526}
}

@Book{		  Quarteroni.Valli:1994*1,
  author	= {A[lfio] Quarteroni and A[lberto] Valli},
  title		= {Numerical approximation of partial differential
		  equations},
  publisher	= {Springer-Verlag},
  year		= {1994},
  number	= {23},
  series	= {Springer Series in Computational Mathematics},
  address	= {Berlin}
}

@Article{	  Furnish:1997,
  author	= {G. Furnish},
  title		= {Disambiguated Glommable Expression Templates},
  journal	= {Computers in Physics},
  year		= {1997},
  optkey	= {},
  volume	= {11},
  number	= {3},
  pages		= {263-269},
  month		= {May/June},
  optnote	= {},
  optannote	= {}
}

@Book{		  Langtangen:1999,
  author	= {H.P. Langtangen},
  title		= {Computational Partial Differential Equations},
  publisher	= {Springer-Verlag},
  year		= {1999},
  optkey	= {},
  optvolume	= {},
  optnumber	= {},
  optseries	= {},
  optaddress	= {},
  optedition	= {},
  optmonth	= {},
  optnote	= {},
  optannote	= {}
}

@Article{	  Haney:1996,
  author	= {S. W. Haney},
  title		= {Beating the abstraction penalty in C++ using Expression
		  Templates},
  journal	= {Computers in Physics},
  year		= {1996},
  optkey	= {},
  volume	= {10},
  number	= {6},
  pages		= {552-557},
  month		= {Nov/Dec},
  note		= {Correction in Vol. 11,n. 14},
  optannote	= {}
}

@Book{		  Johnson:1987,
  author	= {C. Johnson},
  title		= {Numerical Solution of Partial Differential Equations by
		  the Finite Element Method},
  publisher	= {Cambridge University Press},
  year		= {1987},
  optkey	= {},
  optvolume	= {},
  optnumber	= {},
  optseries	= {},
  address	= {Cambridge},
  optedition	= {},
  optmonth	= {},
  optnote	= {},
  optannote	= {}
}

@Article{	  Pflaum:2001,
  author	= {C. Pflaum},
  title		= {Epression templates for partial differential equations},
  journal	= {Comp. Vis. Science},
  year		= {2001},
  optkey	= {},
  volume	= {4},
  optnumber	= {},
  pages		= {1-8},
  optmonth	= {},
  optnote	= {},
  optannote	= {}
}

@Book{		  Stroustrup:2000,
  author	= {B. Stroustrup},
  title		= {The C++ Programming Language},
  publisher	= {Addison Wesley Longman},
  year		= {2000},
  optkey	= {},
  optvolume	= {},
  optnumber	= {},
  optseries	= {},
  address	= {Reading, MA},
  optedition	= {},
  optmonth	= {},
  optnote	= {},
  optannote	= {}
}

@Book{		  Yang:2001,
  author	= {D. Yang},
  title		= {C++ and Object-Oriented Numeric Computing},
  publisher	= {Springer-Verlag},
  year		= {2001},
  optkey	= {},
  optvolume	= {},
  optnumber	= {},
  optseries	= {},
  address	= {New York},
  optedition	= {},
  optmonth	= {},
  optnote	= {},
  optannote	= {}
}

@Article{	  Veldhuizen:1995,
  author	= {T. Veldhuizen},
  title		= {Expression templates},
  journal	= {C++ Report Magazine},
  year		= {1995},
  optkey	= {},
  volume	= {7},
  number	= {5},
  pages		= {26-31},
  optmonth	= {},
  note		= {See also the web page {\tt http://osl.iu.edu/~tveldhui }},
  optannote	= {}
}

@Book{		  **key*,
  author	= {Akin},
  title		= {Design of Finite Elements (????)},
  publisher	= {},
  year		= {},
  optkey	= {},
  optvolume	= {},
  optnumber	= {},
  optseries	= {},
  optaddress	= {},
  optedition	= {},
  optmonth	= {},
  optnote	= {},
  optannote	= {}
}

@Article{	  Arnold.Brezzi.ea:2002,
  author	= {D. N. Arnold and F. Brezzi and B. Cockburn and D. Marini},
  title		= {Unified analysis of discontinuous Galerkin methods for
		  elliptic problems},
  journal	= { SIAM J. Numer. Anal.},
  year		= {2002},
  optkey	= {},
  volume	= {39},
  number	= {5},
  pages		= {1749-1779},
  optmonth	= {},
  optnote	= {},
  optannote	= {}
}

@Book{		  Sethian:1999,
  author	= {J. A. Sethian},
  title		= {Level set methods and fast marching methods, 2nd edition},
  publisher	= {Cambdridge Press},
  year		= {1999},
  optkey	= {},
  optvolume	= {},
  optnumber	= {},
  optseries	= {},
  address	= {New York},
  optedition	= {},
  optmonth	= {},
  optnote	= {},
  optannote	= {}
}

@Article{	  Shu:1988,
  author	= {C[hi]-W[ang] Shu},
  title		= {{TVD} time discretizations},
  journal	= {SIAM J. Stat. Comput.},
  volume	= {9},
  pages		= {1073--1084},
  year		= {1988}
}

@Article{	  Shu.Osher:1988,
  author	= {C[hi]-W[ang] Shu and S[tanley] Osher},
  title		= {Efficient implementation of essentially non-oscillatory
		  shock-capturing schemes},
  journal	= {J. Comput. Phys.},
  volume	= {77},
  pages		= {439--471},
  year		= {1988}
}

@Article{	  Shu.Osher:1989,
  author	= {C[hi]-W[ang] Shu and S[tanley] Osher},
  title		= {Efficient implementation of essentially non-oscillatory
		  shock capturing schemes, ii},
  journal	= {J. Comput. Phys.},
  volume	= {83},
  pages		= {32--78},
  year		= {1989}
}

@Article{	  Chavent.Cockburn:1989,
  author	= {G. Chavent and B[ernardo] Cockburn},
  title		= {The local projection $p^0$ $p^1$-discontinuous {G}alerkin
		  finite element method for scalar conservation laws},
  journal	= {M2AN},
  volume	= {23},
  pages		= {565-592},
  year		= {1989}
}

@Book{		  Quarteroni.Sacco.ea:2000,
  author	= {A[lfio] Quarteroni and R[iccardo] Sacco and F[austo]
		  Saleri},
  title		= {Numerical Mathematics},
  publisher	= {Springer Verlag},
  year		= {2000},
  address	= {Berlin}
}

@Book{Press2002,
  author	= {W. H. Press, S. A. Teukolsky, W. T. Vetterling, B. P. Flannery},
  title		= {Numerical Recipes in C++},
  publisher	= {Cambridge University Press},
  year		= {2002},
  optedition	= {2},
}